<?xml version="1.0" encoding="UTF-8"?><record xmlns="http://www.loc.gov/MARC21/slim" xmlns:cinclude="http://apache.org/cocoon/include/1.0" xmlns:zs="http://www.loc.gov/zing/srw/">
  <leader>00423nz  a2200133n  4500</leader>
  <controlfield tag="001">no2010082284</controlfield>
  <controlfield tag="003">DLC</controlfield>
  <controlfield tag="005">20100520075456.0</controlfield>
  <controlfield tag="008">100518n| acannaabn          |n ana     c</controlfield>
  <datafield tag="010" ind1=" " ind2=" ">
    <subfield code="a">no2010082284</subfield>
  </datafield>
  <datafield tag="035" ind1=" " ind2=" ">
    <subfield code="a">(OCoLC)oca08498615</subfield>
  </datafield>
  <datafield tag="040" ind1=" " ind2=" ">
    <subfield code="a">IEN</subfield>
    <subfield code="b">eng</subfield>
    <subfield code="c">IEN</subfield>
  </datafield>
  <datafield tag="110" ind1="2" ind2=" ">
    <subfield code="a">National Lesbian and Gay Civil Disobedience Action (Organization)</subfield>
  </datafield>
  <datafield tag="670" ind1=" " ind2=" ">
    <subfield code="a">Out &amp; outraged, 1987:</subfield>
    <subfield code="b">cover (National Lesbian and Gay Civil Disobedience Action)</subfield>
  </datafield>
</record>